<?xml version="1.0" encoding="UTF-8"?><collection><record><leader>06183ntm a2200541 a 4500</leader><controlfield tag="001">006813653</controlfield><controlfield tag="003">MiAaHDL</controlfield><controlfield tag="005">20190719000000.0</controlfield><controlfield tag="006">m        d        </controlfield><controlfield tag="007">cr bn ---auaua</controlfield><controlfield tag="008">090606q15651599xx            00| ||ara d</controlfield><datafield tag="035" ind1=" " ind2=" "><subfield code="a">(MiU)006813653</subfield></datafield><datafield tag="035" ind1=" " ind2=" "><subfield code="a">sdr-miu006813653</subfield></datafield><datafield tag="040" ind1=" " ind2=" "><subfield code="a">MiU</subfield><subfield code="c">MiU</subfield><subfield code="e">amremm</subfield></datafield><datafield tag="043" ind1=" " ind2=" "><subfield code="a">n-us-mi</subfield></datafield><datafield tag="245" ind1="0" ind2="3"><subfield code="6">880-03</subfield><subfield code="a">[al-Īḍāḥ :</subfield><subfield code="b">mukhtaṣar fī sharḥ dībājat al-Ifṣāḥ,</subfield><subfield code="f">mid to late 16th century?].</subfield></datafield><datafield tag="246" ind1="2" ind2=" "><subfield code="i">Title from inscription on 'title page' (p.1):</subfield><subfield code="a">ايضاح</subfield></datafield><datafield tag="260" ind1=" " ind2=" "><subfield code="c">[1565-1599?].</subfield></datafield><datafield tag="300" ind1=" " ind2=" "><subfield code="a">137 leaves :</subfield><subfield code="b">paper ;</subfield><subfield code="c">210 x 165 (125 x 57) mm.</subfield></datafield><datafield tag="500" ind1=" " ind2=" "><subfield code="a">Shelfmark: Ann Arbor, University of Michigan, Special Collections Library, Isl. Ms. 627</subfield></datafield><datafield tag="500" ind1=" " ind2=" "><subfield code="a">Origin: Appears to lack dated scribal colophon ; authorial colophon at close (not in main hand) provides a date of completion for the composition of this commentary, 973 [1565 or 6], and this copy may have been produced not long after. Paper, hand, etc. do suggest 16th century.</subfield></datafield><datafield tag="500" ind1=" " ind2=" "><subfield code="a">Accompanying materials: a. Acquisitions slip from Yahuda -- b. Inventory cataloguing slip in hand of Winifred Smeaton Thomas.</subfield></datafield><datafield tag="500" ind1=" " ind2=" "><subfield code="a">Former shelfmark: From inner front cover and fore edge flap label, "IL 28" (likely supplied by Yahuda, see acquisitions slip).</subfield></datafield><datafield tag="500" ind1=" " ind2=" "><subfield code="a">Binding: Pasteboards covered in quite dark red leather ; Type II binding (with flap) ; board linings in marbled paper (pink, yellow, grey) ; upper and lower covers carry scalloped blind-stamped mandorla (filled with vegetal composition of vertical and horizontal symmetry, compare Déroche class. OSd) as well as tooled border ; sewn in cream thread, two stations ; worked chevron endbands in red and yellow, fair condition but with losses to both head and tail ; overall in fair condition with some abrasion, lifting of leather, fore edge flap ill-fitting, negative draw in upper cover, etc.</subfield></datafield><datafield tag="500" ind1=" " ind2=" "><subfield code="a">Support: European laid paper of at least two types ; mainly with 12 laid lines per cm. (vertical), chain lines spaced 30 mm. apart (horizontal), and watermark of anchor (two lines) in circle with star above (see p.212, 213, 270, 271, etc.), thin though sturdy, medium cream in color, well-burnished to glossy ; another type with 9 laid lines per cm. (vertical), chain lines spaced 28 mm. apart (horizontal), and another larger watermark of anchor (single line) in circle (see p.18, 208, etc.).</subfield></datafield><datafield tag="500" ind1=" " ind2=" "><subfield code="a">Decoration: Keywords, abbreviation symbols, and section headings rubricated ; textual dividers in the form of inverted commas in red.</subfield></datafield><datafield tag="500" ind1=" " ind2=" "><subfield code="a">Script: Nastaʻlīq (talik) ; compact but bold Turkish hand ; virtually serifless with effect of tilt to the right, elongation and thickness of horizontal strokes, pointing in strokes.</subfield></datafield><datafield tag="500" ind1=" " ind2=" "><subfield code="a">Layout: Written in 13-15 lines per page ; frame-ruled (impression of ruling board evident).</subfield></datafield><datafield tag="500" ind1=" " ind2=" "><subfield code="a">Collation: V+1 (11), 12 V(131), IV-2 (137) ; chiefly quinions ; quire numbering in the form of whole words, rubricated, in the upper outer corner of the opening recto of each quire ; lacks proper catchwords but last word of final line on the verso of each leaf is usually repeated at the beginning of the first line on the following recto ; pagination in pencil, Western numerals, supplied during digitization.</subfield></datafield><datafield tag="500" ind1=" " ind2=" "><subfield code="a">Colophon: "Authorial," Turkish, reads "بو علمى نحو واضح داخى روشن اهلى اچره چون اتدي بو شرحم ... تمام اولدى بياضه چقدى بويل ديدم تاريخنى بتدى بو شرحم ٩٧٣"</subfield></datafield><datafield tag="500" ind1=" " ind2=" "><subfield code="a">Explicit: "فاضبط هذه الضوابط الشريفة واحسن انها واحفظ هذه القواعد الطيفة ولاتنها ربنا لا تؤاخذنا نسينا او اخطأنا سبحان ربك رب العزة عما يصفون وسلام على المرسلين والحمد لله رب العالمين تم الكتاب بعون الله"</subfield></datafield><datafield tag="500" ind1=" " ind2=" "><subfield code="a">Incipit: "الحمد لله الذي علمنا لسان العرب والشكر لله الذي اعطانا الفهم والطلب ... اما بعد فهذا مختصر في شرح ديباجة الافصاح اخذته من كتب المعتبرة وسميته بالايضاح"</subfield></datafield><datafield tag="500" ind1=" " ind2=" "><subfield code="a">Title from opening on p.2.</subfield></datafield><datafield tag="500" ind1=" " ind2=" "><subfield code="a">Ms. codex.</subfield></datafield><datafield tag="510" ind1="4" ind2=" "><subfield code="a">Brockelmann, C. GAL,</subfield><subfield code="c">I 303 ; II 234 ; SII 329</subfield></datafield><datafield tag="520" ind1="8" ind2=" "><subfield code="a">Clear and well-annoted copy of an anonymous commentary on the preface (dībājah) of al-Ifṣāḥ, a grammatical work providing iʻrāb for the Fātiḥah and for the Kāfiyah of Ibn al-Ḥājib, by Ali Kuşçu (ʻAlāʼ al-Dīn ʻAlī ibn Muḥammad al-Qūshjī, d.1474). Text of the preface of al-Ifṣāḥ has been entered on the 'title page' (p.1) by a former owner.</subfield></datafield><datafield tag="538" ind1=" " ind2=" "><subfield code="a">Mode of access: Internet.</subfield></datafield><datafield tag="541" ind1=" " ind2=" "><subfield code="a">Acquired in 1926 from the bookseller Isaac Benjamin S.E. Yahuda via purchase transacted on his behalf by Abraham Shalom Yahuda (1877-1951), his younger brother.</subfield></datafield><datafield tag="546" ind1=" " ind2=" "><subfield code="a">Arabic.</subfield></datafield><datafield tag="561" ind1=" " ind2=" "><subfield code="a">On 'title page' (p.1) and verso of final leaf (p.274), ownership statement in name of Ahmet bin Hamze Dilberzade (احمد بن حمزه دلبرزاده / Aḥmad ibn Ḥamzah Dilbarʹzādah ) reads "من كتب الحقير الفقير احمد بن حمزة المشهور بدلبرزادة [؟]" ; brief waqf statements (simply "وقف") appear often in the margins throuhout, usually partially effaced ; extensive marginal glosses with rubricated signes-de-renvoi ; occasional corrections.</subfield></datafield><datafield tag="600" ind1="1" ind2="0"><subfield code="a">Qūshjī, ʻAlī ibn Muḥammad,</subfield><subfield code="d">d. 1474 or 5.</subfield><subfield code="t">Ifṣāḥ.</subfield></datafield><datafield tag="650" ind1=" " ind2="0"><subfield code="a">Manuscripts, Arabic</subfield><subfield code="z">Michigan</subfield><subfield code="z">Ann Arbor.</subfield></datafield><datafield tag="650" ind1=" " ind2="0"><subfield code="a">Arabic language</subfield><subfield code="x">Inflection</subfield><subfield code="v">Early works to 1800.</subfield></datafield><datafield tag="650" ind1=" " ind2="0"><subfield code="a">Arabic language</subfield><subfield code="x">Declension</subfield><subfield code="v">Early works to 1800.</subfield></datafield><datafield tag="650" ind1=" " ind2="0"><subfield code="a">Arabic language</subfield><subfield code="x">Syntax</subfield><subfield code="v">Early works to 1800.</subfield></datafield><datafield tag="650" ind1=" " ind2="0"><subfield code="a">Arabic language</subfield><subfield code="x">Grammar</subfield><subfield code="v">Early works to 1800.</subfield></datafield><datafield tag="773" ind1="0" ind2=" "><subfield code="a">Yahuda Collection.</subfield></datafield><datafield tag="880" ind1="0" ind2="2"><subfield code="6">245-03/</subfield><subfield code="a">[الايضاح :</subfield><subfield code="b">مختصر في شرح ديباجة الافصاح،</subfield><subfield code="f">من اواسط الى اواخر القرن 16م؟].</subfield></datafield><datafield tag="CID" ind1=" " ind2=" "><subfield code="a">006813653</subfield></datafield><datafield tag="DAT" ind1="0" ind2=" "><subfield code="a">20190719102638.0</subfield><subfield code="b">20190719000000.0</subfield></datafield><datafield tag="DAT" ind1="1" ind2=" "><subfield code="a">20190719090653.0</subfield><subfield code="b">2019-07-19T16:12:00Z</subfield></datafield><datafield tag="DAT" ind1="2" ind2=" "><subfield code="a">2015-10-02T18:00:03Z</subfield></datafield><datafield tag="CAT" ind1=" " ind2=" "><subfield code="a">SDR-MIU</subfield><subfield code="d">EX LIBRIS - ALEPH</subfield><subfield code="l">prepare.pl-004-008</subfield></datafield><datafield tag="FMT" ind1=" " ind2=" "><subfield code="a">BK</subfield></datafield><datafield tag="HOL" ind1=" " ind2=" "><subfield code="0">sdr-miu006813653</subfield><subfield code="a">MiU</subfield><subfield code="b">SDR</subfield><subfield code="c">MIU</subfield><subfield code="p">mdp.39015079128412</subfield><subfield code="s">MIU</subfield><subfield code="1">006813653</subfield></datafield><datafield tag="974" ind1=" " ind2=" "><subfield code="b">MIU</subfield><subfield code="c">MIU</subfield><subfield code="d">20190719</subfield><subfield code="s">lit-dlps-dc</subfield><subfield code="u">mdp.39015079128412</subfield><subfield code="y">1599</subfield><subfield code="r">pd</subfield><subfield code="q">bib</subfield><subfield code="t">non-US bib date2 &lt; 1879</subfield></datafield></record></collection>